[gd_scene load_steps=16 format=2]

[ext_resource path="res://assets/sprites/projectile/arrow.png" type="Texture" id=1]
[ext_resource path="res://Szenen/Enemies/Archer/Arrow.gd" type="Script" id=2]

[sub_resource type="ParticlesMaterial" id=1]
flag_disable_z = true
spread = 80.34
gravity = Vector3( -32, 0, 0 )
initial_velocity = 2.0
orbit_velocity = 0.0
orbit_velocity_random = 0.0

[sub_resource type="AtlasTexture" id=2]
atlas = ExtResource( 1 )
region = Rect2( 0, 0, 24, 5 )

[sub_resource type="AtlasTexture" id=3]
atlas = ExtResource( 1 )
region = Rect2( 24, 0, 24, 5 )

[sub_resource type="AtlasTexture" id=4]
atlas = ExtResource( 1 )
region = Rect2( 48, 0, 24, 5 )

[sub_resource type="AtlasTexture" id=5]
atlas = ExtResource( 1 )
region = Rect2( 72, 0, 24, 5 )

[sub_resource type="AtlasTexture" id=6]
atlas = ExtResource( 1 )
region = Rect2( 96, 0, 24, 5 )

[sub_resource type="AtlasTexture" id=7]
atlas = ExtResource( 1 )
region = Rect2( 120, 0, 24, 5 )

[sub_resource type="AtlasTexture" id=8]
atlas = ExtResource( 1 )
region = Rect2( 144, 0, 24, 5 )

[sub_resource type="AtlasTexture" id=9]
atlas = ExtResource( 1 )
region = Rect2( 168, 0, 24, 5 )

[sub_resource type="AtlasTexture" id=10]
atlas = ExtResource( 1 )
region = Rect2( 192, 0, 24, 5 )

[sub_resource type="AtlasTexture" id=11]
atlas = ExtResource( 1 )
region = Rect2( 216, 0, 24, 5 )

[sub_resource type="SpriteFrames" id=12]
animations = [ {
"frames": [ SubResource( 2 ), SubResource( 3 ), SubResource( 4 ), SubResource( 5 ), SubResource( 6 ), SubResource( 7 ), SubResource( 8 ), SubResource( 9 ), SubResource( 10 ), SubResource( 11 ) ],
"loop": true,
"name": "default",
"speed": 5.0
} ]

[sub_resource type="RectangleShape2D" id=13]
extents = Vector2( 5.2543, 2.49286 )

[node name="Arrow" type="Area2D"]
light_mask = 0
script = ExtResource( 2 )

[node name="Particles2D" type="Particles2D" parent="."]
position = Vector2( -11.1792, 0.417135 )
emitting = false
amount = 24
process_material = SubResource( 1 )

[node name="AnimatedSprite" type="AnimatedSprite" parent="."]
light_mask = 0
position = Vector2( -0.0834274, -0.166855 )
frames = SubResource( 12 )
frame = 8
playing = true

[node name="CollisionShape2D" type="CollisionShape2D" parent="."]
position = Vector2( 6.6742, 0.417138 )
shape = SubResource( 13 )
